<?xml version="1.0" encoding="UTF-8"?><record xmlns="http://www.loc.gov/MARC21/slim" xmlns:cinclude="http://apache.org/cocoon/include/1.0" xmlns:zs="http://www.loc.gov/zing/srw/">
  <leader>00473nz  a2200145n  4500</leader>
  <controlfield tag="001">no2008101854</controlfield>
  <controlfield tag="003">DLC</controlfield>
  <controlfield tag="005">20080716075458.0</controlfield>
  <controlfield tag="008">080604n| acannaabn          |n aaa     c</controlfield>
  <datafield tag="010" ind1=" " ind2=" ">
    <subfield code="a">no2008101854</subfield>
  </datafield>
  <datafield tag="035" ind1=" " ind2=" ">
    <subfield code="a">(OCoLC)oca07820076</subfield>
  </datafield>
  <datafield tag="040" ind1=" " ind2=" ">
    <subfield code="a">MdU-MA</subfield>
    <subfield code="b">eng</subfield>
    <subfield code="c">MdU-MA</subfield>
  </datafield>
  <datafield tag="100" ind1="1" ind2=" ">
    <subfield code="a">Brahimi, Marie,</subfield>
    <subfield code="d">1974-</subfield>
  </datafield>
  <datafield tag="670" ind1=" " ind2=" ">
    <subfield code="a">L'autre monde [VR] 2001?:</subfield>
    <subfield code="b">opening credits (Marie Brahimi)</subfield>
  </datafield>
  <datafield tag="670" ind1=" " ind2=" ">
    <subfield code="a">IMDb, viewed June 4, 2008</subfield>
    <subfield code="b">(Marie Brahimi, French actress ; b. Oct. 1, 1974 in Paris, France)</subfield>
  </datafield>
</record>